@article{mujtaba2024ff,
  title = {Personalized semantic fast-forward videos for next generation streaming platforms},
  author = {Mujtaba, Ghulam and Ryu, Eun-Seok and Harb, Reda},
  journal = {USA Patent},
  volume = {},
  pages = {},
  year = {2024},
  publisher = {USA Patent},
}

@article{mujtaba2023frc,
  title = {FRC-GIF: Frame Ranking-based Personalized Artistic Media Generation Method for Resource Constrained Devices},
  author = {Mujtaba, Ghulam and Ali Khowaja, Sunder and Aslam Jarwar, Muhammad and Choi, Jaehyuk and Ryu, Eun-Seok},
  journal = {IEEE Transactions on Big Data},
  volume = {},
  pages = {1-14},
  year = {2023},
  publisher = {IEEE},
  doi = {10.1109/TBDATA.2023.3338012},
}